<?xml version="1.0" encoding="UTF-8"?><collection xmlns="http://www.loc.gov/MARC21/slim"><record><leader>00538nam--2200193-i-4500</leader><controlfield tag="001">000021082</controlfield><controlfield tag="002">20161230</controlfield><controlfield tag="005">20161230201034</controlfield><controlfield tag="008">060222s1000------------r-----000-0-fre-d</controlfield><datafield ind1=" " ind2=" " tag="040"><subfield code="a">IFIN-HH</subfield></datafield><datafield ind1=" " ind2=" " tag="041"><subfield code="a">fre</subfield></datafield><datafield ind1=" " ind2=" " tag="080"><subfield code="a">539.188</subfield></datafield><datafield ind1="1" ind2=" " tag="100"><subfield code="a">Alexander, P</subfield></datafield><datafield ind1="1" ind2="0" tag="245"><subfield code="a">Les radiations atomiques et la vie</subfield><subfield code="b">Traduit par h. marcovich</subfield><subfield code="c">P. alexander</subfield></datafield><datafield ind1=" " ind2=" " tag="260"><subfield code="a">Paris</subfield><subfield code="b">Gauthier-villars</subfield><subfield code="c">1960</subfield></datafield><datafield ind1=" " ind2=" " tag="300"><subfield code="a">244P</subfield></datafield><datafield ind1=" " ind2=" " tag="490"><subfield code="a">Collection Science Et Techniques D'Aujourd'Hui</subfield></datafield><datafield ind1=" " ind2=" " tag="852"><subfield code="a">16568</subfield><subfield code="c">539.12.04</subfield></datafield><datafield ind1=" " ind2=" " tag="CAT"><subfield code="a">Sys</subfield><subfield code="c">20120203</subfield><subfield code="h">115826</subfield></datafield></record></collection>